<record><leader>00000cas a22000007a 4500</leader><controlfield tag="001">16909008</controlfield><controlfield tag="008">871028d19181938inuwr ne      0    0eng d</controlfield><datafield ind1=" " ind2=" " tag="010"><subfield code="a">sn 87056183 </subfield></datafield><datafield ind1=" " ind2=" " tag="040"><subfield code="a">NPI</subfield><subfield code="b">eng</subfield><subfield code="c">NPI</subfield><subfield code="d">OCLCQ</subfield></datafield><datafield ind1=" " ind2=" " tag="042"><subfield code="a">msc</subfield></datafield><datafield ind1="0" ind2="4" tag="245"><subfield code="a">The Upland community courier.</subfield></datafield><datafield ind1=" " ind2=" " tag="260"><subfield code="a">Upland, Ind. :</subfield><subfield code="b">Hod De Poy,</subfield><subfield code="c">-1938.</subfield></datafield><datafield ind1=" " ind2=" " tag="310"><subfield code="a">Weekly</subfield></datafield><datafield ind1="1" ind2=" " tag="362"><subfield code="a">Began in 1918?</subfield></datafield><datafield ind1="0" ind2=" " tag="362"><subfield code="a">-v. 43, no. 32 (Aug. 19, 1938).</subfield></datafield><datafield ind1=" " ind2=" " tag="588"><subfield code="a">Description based on: Vol. 39, no. 48 (Nov. 28, 1935).</subfield></datafield><datafield ind1=" " ind2=" " tag="752"><subfield code="a">United States</subfield><subfield code="b">Indiana</subfield><subfield code="c">Grant</subfield><subfield code="d">Upland.</subfield></datafield><datafield ind1="0" ind2="0" tag="780"><subfield code="t">Upland monitor</subfield><subfield code="w">(DLC)sn 87056693</subfield></datafield><datafield ind1="0" ind2="0" tag="785"><subfield code="t">Community courier (Upland, Ind.)</subfield><subfield code="w">(DLC)sn 87056694</subfield></datafield></record>